% Encoding: UTF-8

@Article{Avitabile2016,
  author    = {Valerio Avitabile and Martin Herold and Gerard B. M. Heuvelink and Simon L. Lewis and Oliver L. Phillips and Gregory P. Asner and John Armston and Peter S. Ashton and Lindsay Banin and Nicolas Bayol and Nicholas J. Berry and Pascal Boeckx and Bernardus H. J. de Jong and Ben DeVries and Cecile A. J. Girardin and Elizabeth Kearsley and Jeremy A. Lindsell and Gabriela Lopez-Gonzalez and Richard Lucas and Yadvinder Malhi and Alexandra Morel and Edward T. A. Mitchard and Laszlo Nagy and Lan Qie and Marcela J. Quinones and Casey M. Ryan and Slik J. W. Ferry and Terry Sunderland and Gaia Vaglio Laurin and Roberto Cazzolla Gatti and Riccardo Valentini and Hans Verbeeck and Arief Wijaya and Simon Willcock},
  title     = {An integrated pan-tropical biomass map using multiple reference datasets},
  journal   = {Global Change Biology},
  year      = {2016},
  volume    = {22},
  number    = {4},
  pages     = {1406--1420},
  month     = jan,
  doi       = {10.1111/gcb.13139},
  file      = {Avitabile2016-GCB.pdf:Avitabile2016-GCB.pdf:PDF},
  publisher = {Wiley},
  url       = {https://doi.org/10.1111/gcb.13139},
}

@Article{Santoro2021,
  author    = {Maurizio Santoro and Oliver Cartus and Nuno Carvalhais and Danaë M. A. Rozendaal and Valerio Avitabile and Arnan Araza and Sytze de Bruin and Martin Herold and Shaun Quegan and Pedro Rodr{\'{i}}guez-Veiga and Heiko Balzter and Jo{\~{a}}o Carreiras and Dmitry Schepaschenko and Mikhail Korets and Masanobu Shimada and Takuya Itoh and {\'{A}}lvaro Moreno Mart{\'{i}}nez and Jura Cavlovic and Roberto Cazzolla Gatti and Polyanna da Concei{\c{c}}{\~{a}}o Bispo and Nasheta Dewnath and Nicolas Labrière and Jingjing Liang and Jeremy Lindsell and Edward T. A. Mitchard and Alexandra Morel and Ana Maria Pacheco Pascagaza and Casey M. Ryan and Ferry Slik and Gaia Vaglio Laurin and Hans Verbeeck and Arief Wijaya and Simon Willcock},
  title     = {The global forest above-ground biomass pool for 2010 estimated from high-resolution satellite observations},
  journal   = {{Earth System Science Data}},
  year      = {2021},
  volume    = {13},
  number    = {8},
  month     = aug,
  pages     = {3927--3950},
  doi       = {10.5194/essd-13-3927-2021},
  url       = {https://doi.org/10.5194/essd-13-3927-2021},
  file      = {Santoro2021-ESSD.pdf:Santoro2021-ESSD.pdf:PDF},
  publisher = {Copernicus {GmbH}},
}

@Article{Zarin2016,
  author    = {Daniel J. Zarin and Nancy L. Harris and Alessandro Baccini and Dmitry Aksenov and Matthew C. Hansen and Claudia Azevedo-Ramos and Tasso Azevedo and Belinda A. Margono and Ane C. Alencar and Chris Gabris and Adrienne Allegretti and Peter Potapov and Mary Farina and Wayne S. Walker and Varada S. Shevade and Tatiana V. Loboda and Svetlana Turubanova and Alexandra Tyukavina},
  title     = {Can carbon emissions from tropical deforestation drop by 50% in 5~years?},
  journal   = {{Global Change Biology}},
  year      = {2016},
  volume    = {22},
  number    = {4},
  month     = feb,
  pages     = {1336--1347},
  doi       = {10.1111/gcb.13153},
  url       = {https://doi.org/10.1111/gcb.13153},
  file      = {Zarin2016-GCB.pdf:Zarin2016-GCB.pdf:PDF;Zarin2016-GCB-SM.docx.pdf:Zarin2016-GCB-SM.docx.pdf:PDF},
  publisher = {Wiley},
}

@Comment{jabref-meta: databaseType:bibtex;}
